<?xml version="1.0" encoding="UTF-8"?><record xmlns="http://www.loc.gov/MARC21/slim" xmlns:cinclude="http://apache.org/cocoon/include/1.0" xmlns:zs="http://www.loc.gov/zing/srw/">
  <leader>00419cz  a2200145n  4500</leader>
  <controlfield tag="001">no 99036242 </controlfield>
  <controlfield tag="003">DLC</controlfield>
  <controlfield tag="005">20110928075239.0</controlfield>
  <controlfield tag="008">990520n| acannaabn          |a aaa     c</controlfield>
  <datafield tag="010" ind1=" " ind2=" ">
    <subfield code="a">no 99036242 </subfield>
  </datafield>
  <datafield tag="035" ind1=" " ind2=" ">
    <subfield code="a">(OCoLC)oca04990694</subfield>
  </datafield>
  <datafield tag="040" ind1=" " ind2=" ">
    <subfield code="a">OCl</subfield>
    <subfield code="b">eng</subfield>
    <subfield code="c">OCl</subfield>
    <subfield code="d">DLC</subfield>
  </datafield>
  <datafield tag="100" ind1="1" ind2=" ">
    <subfield code="a">May, Karl,</subfield>
    <subfield code="d">1842-1912.</subfield>
    <subfield code="t">Und Friede auf Erden.</subfield>
    <subfield code="n">1.</subfield>
    <subfield code="l">Polish</subfield>
  </datafield>
  <datafield tag="400" ind1="1" ind2=" ">
    <subfield code="a">May, Karl,</subfield>
    <subfield code="d">1842-1912.</subfield>
    <subfield code="t">U sto휍혖p sfinksa</subfield>
  </datafield>
  <datafield tag="670" ind1=" " ind2=" ">
    <subfield code="a">U sto휍혖p sfinksa, 199-.</subfield>
  </datafield>
</record>